@misc{apache2,
    author  = "The Apache Software Foundation",
    title   = "Apache License Version 2.0",
    year  = "2004",
   howpublished =  "\url{https://www.apache.org/licenses/LICENSE-2.0}"
}